

@Book{DeuflhardBornemann08,
  author =	 {Deuflhard, P. and Bornemann, F.},
  title = 	 {Numerische Mathematik 2. Gewöhnliche Differentialgleichungen},
  publisher = 	 {de Gruyter},
  year = 	 2008,
  edition =	 {3. Auflage},
  ISBN = {978-3-11-020356-1}
}

@book {HairerWanner10,
    AUTHOR = {Hairer, E. and Wanner, G.},
     TITLE = {Solving ordinary differential equations {II}. Stiff and differential-algebraic problems},
    SERIES = {Springer Series in Computational Mathematics},
    VOLUME = {14},
   EDITION = {Second edition},
 PUBLISHER = {Springer-Verlag},
   ADDRESS = {Berlin},
      YEAR = {2010},
     PAGES = {xvi+614},
      ISBN = {978-3-642-05220-0},
}
		
@book {HairerNorsettWanner93,
    AUTHOR = {Hairer, E. and N{\o}rsett, S. P. and Wanner, G.},
     TITLE = {Solving ordinary differential equations {I}. Nonstiff problems},
    SERIES = {Springer Series in Computational Mathematics},
    VOLUME = {8},
   EDITION = {Second edition},
 PUBLISHER = {Springer},
   ADDRESS = {Berlin},
      YEAR = {1993},
     PAGES = {xvi+528},
      ISBN = {3-540-56670-8},
}


@Book{Heuser86,
  author =	 {Heuser, H.},
  title = 	 {Lehrbuch der Analysis. Teil 2},
  publisher = 	 {Teubner},
  year = 	 {1986},
  OPTkey = 	 {},
  OPTvolume = 	 {},
  OPTnumber = 	 {},
  OPTseries = 	 {},
  OPTaddress = 	 {},
  edition =	 {3. Auflage},
  OPTmonth = 	 {},
  OPTnote = 	 {},
  OPTannote = 	 {}
}



@Book{Rannacher12,
  author =	 {Rannacher, R.},
  title = 	 {Numerische Mathematik 1. Numerik gewöhnlicher Differentialgleichungen},
  publisher = 	 {Institut für Angewandte Mathematik, Universität Heidelberg},
  year = 	 {2012},
  OPTkey = 	 {},
  OPTvolume = 	 {},
  OPTnumber = 	 {},
  OPTseries = 	 {},
  OPTaddress = 	 {},
  OPTedition = 	 {},
  OPTmonth = 	 {},
  OPTnote = 	 {},
  OPTannote = 	 {}
}

%%%%%%%%%%%%%%%%%%%%%%%%%%%%%%%%%%%%%%%%%%%%%%%%%%%%%%%%%%

@article {Butcher96,
    AUTHOR = {Butcher, J. C.},
     TITLE = {A history of {R}unge-{K}utta methods},
   JOURNAL = {Appl. Numer. Math.},
    VOLUME = 20,
      YEAR = 1996,
    NUMBER = 3,
     PAGES = {247--260},
       DOI = {10.1016/0168-9274(95)00108-5}
}


@Article{Kutta01,
  author = 	 {Kutta, W.},
  title = 	 {Beitrag zur näherungsweisen Integration totaler {D}ifferentialgleichungen},
  journal = 	 {Z. Math. Phys.},
  year = 	 1901,
  volume =	 46,
  pages =	 {435--453}
}


@Article{Runge95,
  author = 	 {Runge, C.},
  title = 	 {{Ü}ber die numerische {A}uflösung von Differentialgleichungen},
  journal = 	 {Math. Ann.},
  year = 	 1895,
  volume =	 46,
  pages =	 {167--178}
}

